<record xmlns="http://www.loc.gov/MARC21/slim" xmlns:xsi="http://www.w3.org/2001/XMLSchema-instance" xsi:schemaLocation="http://www.loc.gov/MARC21/slim http://www.loc.gov/standards/marcxml/schema/MARC21slim.xsd"><leader>     nam a22        4500</leader><controlfield tag="001">3067054</controlfield><controlfield tag="003">NNC</controlfield><controlfield tag="006">m        d        </controlfield><controlfield tag="007">cr cn |||m|||a</controlfield><controlfield tag="008">150313s1884    le      o     000 0 ara  </controlfield><datafield ind1=" " ind2=" " tag="040"><subfield code="a">NNU</subfield><subfield code="b">eng</subfield><subfield code="e">rda</subfield><subfield code="c">NNU</subfield></datafield><datafield ind1="0" ind2="0" tag="050"><subfield code="a">PJ7741</subfield><subfield code="b">.B5 1884</subfield></datafield><datafield ind1="0" ind2=" " tag="130"><subfield code="a">Kali&#772;lah wa-Dimnah.</subfield></datafield><datafield ind1="1" ind2="0" tag="245"><subfield code="6">880-01</subfield><subfield code="a">Kita&#772;b Kali&#772;lah wa-Dimnah /</subfield><subfield code="c">li-Bi&#772;dba&#772; al-faylasu&#772;f al-Hindi&#772; ; &#699;arrabahu &#699;an al-Bahlawi&#772; &#699;Abd Alla&#772;h ibn al-Muqaffa&#699; ; naqah&#803;ahu wa-d&#803;abat&#803;ahu wa-&#699;allaqa h&#803;awa&#772;shi&#772;hu Khali&#772;l al-Yaziji&#772; al-Lubna&#772;ni.</subfield></datafield><datafield ind1="3" ind2="0" tag="246"><subfield code="6">880-02</subfield><subfield code="a">Kali&#772;lah wa-Dimnah</subfield></datafield><datafield ind1=" " ind2=" " tag="260"><subfield code="6">880-03</subfield><subfield code="a">Bayru&#772;t :</subfield><subfield code="b">al-Mat&#803;ba&#699;ah al-Adabi&#772;yah,</subfield><subfield code="c">1884.</subfield></datafield><datafield ind1=" " ind2=" " tag="300"><subfield code="a">online resource (329 pages)</subfield></datafield><datafield ind1=" " ind2=" " tag="336"><subfield code="a">text</subfield><subfield code="2">rdacontent</subfield></datafield><datafield ind1=" " ind2=" " tag="337"><subfield code="a">computer</subfield><subfield code="2">rdamedia</subfield></datafield><datafield ind1=" " ind2=" " tag="338"><subfield code="a">online resource</subfield><subfield code="2">rdacarrier</subfield></datafield><datafield ind1=" " ind2=" " tag="500"><subfield code="a">LC copy has former owner's stamp, Najib Mishaka, SPC.</subfield><subfield code="5">DLC</subfield></datafield><datafield ind1=" " ind2=" " tag="500"><subfield code="a">Part of the Arabic Collections Online (ACO) project, contributed by Columbia University Libraries.</subfield></datafield><datafield ind1=" " ind2=" " tag="533"><subfield code="a">Electronic reproduction.</subfield><subfield code="b">New York, N.Y. :</subfield><subfield code="c">New York University,</subfield><subfield code="d">2015.</subfield><subfield code="5">NNU</subfield></datafield><datafield ind1="0" ind2=" " tag="700"><subfield code="6">880-04</subfield><subfield code="a">Ibn al-Muqaffa&#699;,</subfield><subfield code="d">-approximately 760.</subfield></datafield><datafield ind1="1" ind2=" " tag="700"><subfield code="6">880-05</subfield><subfield code="a">Ya&#772;ziji&#772;, Khali&#772;l,</subfield><subfield code="d">1856-1889.</subfield></datafield><datafield ind1="2" ind2=" " tag="710"><subfield code="a">Columbia University.</subfield><subfield code="b">Libraries.</subfield></datafield><datafield ind1="0" ind2=" " tag="730"><subfield code="a">Arabic Collections Online.</subfield></datafield><datafield ind1="0" ind2="8" tag="776"><subfield code="i">Online version:</subfield><subfield code="a">Kali&#772;lah wa-Dimnah.</subfield><subfield code="t">Kita&#772;b Kali&#772;lah wa-Dimnah.</subfield><subfield code="d">Bayru&#772;t, 1884</subfield><subfield code="w">(OCoLC)653778505</subfield></datafield><datafield ind1="0" ind2="8" tag="776"><subfield code="i">Print version:</subfield><subfield code="t">Kita&#772;b Kali&#772;lah wa-Dimnah</subfield><subfield code="w">(NNC)3067054</subfield><subfield code="w">(DLC)   81960268 </subfield><subfield code="w">(OCoLC)17044694</subfield></datafield><datafield ind1="4" ind2="0" tag="856"><subfield code="u">http://hdl.handle.net/2333.1/t4b8gx1g</subfield></datafield><datafield ind1="1" ind2="0" tag="880"><subfield code="6">245-01/r</subfield><subfield code="a">&#1603;&#1578;&#1575;&#1576; &#1603;&#1604;&#1610;&#1604;&#1577; &#1608;&#1583;&#1605;&#1606;&#1577; /</subfield><subfield code="c">&#1604;&#1576;&#1610;&#1583;&#1576;&#1575; &#1575;&#1604;&#1601;&#1610;&#1604;&#1587;&#1608;&#1601; &#1575;&#1604;&#1607;&#1606;&#1583;&#1610; &#1563; &#1593;&#1585;&#1576;&#1607; &#1593;&#1606; &#1575;&#1604;&#1576;&#1607;&#1604;&#1608;&#1610;&#1577; &#1593;&#1576;&#1583; &#1575;&#1604;&#1604;&#1607; &#1576;&#1606; &#1575;&#1604;&#1605;&#1602;&#1601;&#1593; &#1563; &#1606;&#1602;&#1581;&#1607; &#1608;&#1590;&#1576;&#1591;&#1607; &#1608;&#1593;&#1604;&#1602; &#1581;&#1608;&#1575;&#1588;&#1610;&#1607; &#1582;&#1604;&#1610;&#1604; &#1575;&#1604;&#1610;&#1575;&#1586;&#1580;&#1610;.</subfield></datafield><datafield ind1="3" ind2="0" tag="880"><subfield code="6">246-02/r</subfield><subfield code="a">&#1603;&#1604;&#1610;&#1604;&#1577; &#1608;&#1583;&#1605;&#1606;&#1577;</subfield></datafield><datafield ind1=" " ind2=" " tag="880"><subfield code="6">260-03/r</subfield><subfield code="a">&#1576;&#1610;&#1585;&#1608;&#1578; :</subfield><subfield code="b">&#1575;&#1604;&#1605;&#1591;&#1576;&#1593;&#1577; &#1575;&#1604;&#1571;&#1583;&#1576;&#1610;&#1577;&#1548;</subfield><subfield code="c">1884.</subfield></datafield><datafield ind1="0" ind2=" " tag="880"><subfield code="6">700-04/r</subfield><subfield code="a">&#1575;&#1576;&#1606; &#1575;&#1604;&#1605;&#1602;&#1601;&#1593;.</subfield></datafield><datafield ind1="1" ind2=" " tag="880"><subfield code="6">700-05/r</subfield><subfield code="a">&#1610;&#1575;&#1586;&#1580;&#1610;&#1548; &#1582;&#1604;&#1610;&#1604;.</subfield></datafield><datafield ind1=" " ind2=" " tag="959"><subfield code="a">NNU</subfield><subfield code="b">WEB</subfield><subfield code="c">GENI</subfield><subfield code="t">0</subfield><subfield code="m">Electronic access</subfield><subfield code="s">01</subfield></datafield><datafield ind1=" " ind2=" " tag="999"><subfield code="i">NNC_3067054</subfield><subfield code="o">(OCoLC)ocm17044694 </subfield><subfield code="s">columbia_aco000563</subfield><subfield code="e">(ERROR-880)</subfield></datafield></record>